% Encoding: UTF-8
@article{selftest,
   title={Self-testing of quantum systems: a review},
   volume={4},
   ISSN={2521-327X},
   url={http://dx.doi.org/10.22331/q-2020-09-30-337},
   DOI={10.22331/q-2020-09-30-337},
   journal={Quantum},
   publisher={Verein zur Forderung des Open Access Publizierens in den Quantenwissenschaften},
   author={Šupić, Ivan and Bowles, Joseph},
   year={2020},
   month=sep, pages={337} }

@article{bell64,
  title = {On the Einstein Podolsky Rosen paradox},
  author = {Bell, J. S.},
  journal = {Physics Physique Fizika},
  volume = {1},
  issue = {3},
  pages = {195--200},
  numpages = {6},
  year = {1964},
  month = {Nov},
  publisher = {American Physical Society},
  doi = {10.1103/PhysicsPhysiqueFizika.1.195},
  url = {https://link.aps.org/doi/10.1103/PhysicsPhysiqueFizika.1.195}
}

@article{Bennett_2014,
   title={Quantum cryptography: Public key distribution and coin tossing},
   volume={560},
   ISSN={0304-3975},
   url={http://dx.doi.org/10.1016/j.tcs.2014.05.025},
   DOI={10.1016/j.tcs.2014.05.025},
   journal={Theoretical Computer Science},
   publisher={Elsevier BV},
   author={Bennett, Charles H. and Brassard, Gilles},
   year={2014},
   month=dec, pages={7-11} }

@article{tsirel1987quantum,
  title={Quantum analogues of the Bell inequalities. The case of two spatially separated domains},
  author={Tsirel'son, Boris S},
  journal={Journal of Soviet mathematics},
  volume={36},
  number={4},
  pages={557--570},
  year={1987},
  publisher={Springer}
}
@article{tsirelson1993some,
  title={Some results and problems on quantum Bell-type inequalities},
  author={Tsirelson, Boris S},
  journal={Hadronic Journal Supplement},
  volume={8},
  number={4},
  pages={329--345},
  year={1993}
}
@article{clauser1969proposed,
  title={Proposed experiment to test local hidden-variable theories},
  author={Clauser, John F and Horne, Michael A and Shimony, Abner and Holt, Richard A},
  journal={Physical review letters},
  volume={23},
  number={15},
  pages={880},
  year={1969},
  publisher={APS}
}
@article{slofstra2011lower,
  title={Lower bounds on the entanglement needed to play XOR non-local games},
  author={Slofstra, William},
  journal={Journal of Mathematical Physics},
  volume={52},
  number={10},
  year={2011},
  publisher={AIP Publishing}
}
@inproceedings{magniez2006self,
  title={Self-testing of quantum circuits},
  author={Magniez, Fr{\'e}d{\'e}ric and Mayers, Dominic and Mosca, Michele and Ollivier, Harold},
  booktitle={International Colloquium on Automata, Languages, and Programming},
  pages={72--83},
  year={2006},
  organization={Springer}
}
@article{mayers2003self,
  title={Self testing quantum apparatus},
  author={Mayers, Dominic and Yao, Andrew},
  journal={arXiv preprint quant-ph/0307205},
  year={2003}
}



@Comment{jabref-meta: databaseType:bibtex;}
